
--------------------------------
--------------------------------
-- Graph Transformation, SDMs --
--------------------------------
--------------------------------

@book{EEPT06,
    author = {Ehrig, Hartmut and Ehrig, Karsten and Prange, Ulrike and Taentzer, Gabriele},
    title = {Fundamentals of Algebraic Graph Transformation (Monographs in Theoretical Computer Science. An {EATCS} Series)},
    day = {14},
	publisher = {Springer, Berlin},
    year = {2006}
}

------------
------------
-- Basics --
------------
------------


@Article{Bez05,
  author = 	 {B\'{e}zivin, Jean},
  title = 	 {On the Unification Power of Models},
  journal =  {Software and Systems Modeling},
  year = 	 {2005},
  OPTkey = 	 {},
  OPTvolume = 	 {4},
  OPTnumber = 	 {2},
  OPTpages = 	 {171-188},
  OPTmonth = 	 {May},
  OPTnote = 	 {},
  OPTannote = 	 {}
}